@article{Kolchinsky_2020,
   title={Thermodynamic costs of Turing machines},
   volume={2},
   ISSN={2643-1564},
   url={http://dx.doi.org/10.1103/PhysRevResearch.2.033312},
   DOI={10.1103/physrevresearch.2.033312},
   number={3},
   journal={Physical Review Research},
   publisher={American Physical Society (APS)},
   author={Kolchinsky, Artemy and Wolpert, David H.},
   year={2020},
   month={8}
}