
@article{shannon_mathematical_nodate,
	title = {The {Mathematical} {Theory} of {Communication}},
	language = {en},
	author = {Shannon, Claude and Weaver, Warren},
	pages = {131},
	file = {Shannon and Weaver - The Mathematical Theory of Communication.pdf:/home/dominic/Zotero/storage/APP8GI78/Shannon and Weaver - The Mathematical Theory of Communication.pdf:application/pdf},
}
